# For papers references using bibtex package

@misc{rusu2022progressive,
      title={Progressive Neural Networks}, 
      author={Andrei A. Rusu and Neil C. Rabinowitz and Guillaume Desjardins and Hubert Soyer and James Kirkpatrick and Koray Kavukcuoglu and Razvan Pascanu and Raia Hadsell},
      year={2022},
      eprint={1606.04671},
      archivePrefix={arXiv},
      primaryClass={cs.LG}
}

@misc{li2023style,
      title={Style Transfer Enabled Sim2Real Framework for Efficient Learning of Robotic Ultrasound Image Analysis Using Simulated Data}, 
      author={Keyu Li and Xinyu Mao and Chengwei Ye and Ang Li and Yangxin Xu and Max Q. -H. Meng},
      year={2023},
      eprint={2305.09169},
      archivePrefix={arXiv},
      primaryClass={cs.RO}
}